<record><leader>00000cas a22000007a 4500</leader><controlfield tag="001">20498509</controlfield><controlfield tag="008">891017d18941895mdudn ne      0    0eng d</controlfield><datafield ind1=" " ind2=" " tag="010"><subfield code="a">sn 89060192 </subfield></datafield><datafield ind1=" " ind2=" " tag="040"><subfield code="a">MFN</subfield><subfield code="b">eng</subfield><subfield code="c">MFN</subfield><subfield code="d">OCLCQ</subfield></datafield><datafield ind1=" " ind2=" " tag="042"><subfield code="a">msc</subfield></datafield><datafield ind1="0" ind2=" " tag="130"><subfield code="a">Morning news (Hagerstown, Md.)</subfield></datafield><datafield ind1="1" ind2="4" tag="245"><subfield code="a">The morning news.</subfield></datafield><datafield ind1="3" ind2="0" tag="246"><subfield code="a">Evening news</subfield></datafield><datafield ind1=" " ind2=" " tag="260"><subfield code="a">Hagerstown, Md. :</subfield><subfield code="b">News Pub. &amp; Prntg. Co.</subfield></datafield><datafield ind1=" " ind2=" " tag="300"><subfield code="a">v.</subfield></datafield><datafield ind1=" " ind2=" " tag="310"><subfield code="a">Daily (except Sun.)</subfield></datafield><datafield ind1="0" ind2=" " tag="362"><subfield code="a">Vol. 20, no. 214 (May 7, 1894)-</subfield></datafield><datafield ind1="1" ind2=" " tag="362"><subfield code="a">Ceased in Dec. 1895.</subfield></datafield><datafield ind1=" " ind2=" " tag="500"><subfield code="a">Published as: The evening news, July 16-Nov. 28, 1894.</subfield></datafield><datafield ind1=" " ind2=" " tag="752"><subfield code="a">United States</subfield><subfield code="b">Maryland</subfield><subfield code="c">Washington</subfield><subfield code="d">Hagerstown.</subfield></datafield><datafield ind1="0" ind2=" " tag="775"><subfield code="t">Weekly news (Hagerstown, Md.)</subfield><subfield code="w">(DLC)sn 85025362</subfield></datafield><datafield ind1="0" ind2="0" tag="780"><subfield code="t">Daily news (Hagerstown, Md. : 1887)</subfield><subfield code="w">(DLC)sn 89060191</subfield></datafield><datafield ind1="0" ind2="7" tag="785"><subfield code="t">Daily herald and torch light</subfield><subfield code="w">(DLC)sn 89060240</subfield></datafield><datafield ind1="0" ind2="7" tag="785"><subfield code="t">Morning herald (Hagerstown, Md.)</subfield><subfield code="w">(DLC)sn 83016196</subfield></datafield></record>